@article{Garey76,
    author = {Michael Randolph Garey and David Stifler Johnson and Ravi Sethi},
    title = {The complexity of flowshop and jobshop scheduling},
    journal = {Mathematics of Operations Research},
    volume = 1,
    number = 2,
    pages = {117--129},
    year = 1976
}

@article{Nawaz83,
    author = {Muhammad Nawaz and E Emory {Enscore Jr} and Inyong Ham},
    title = {A heuristic algorithm for the m-machine, n-job flow-shop sequencing problem},
    journal = {Omega},
    volume = 11,
    number = 1,
    pages = {91--95},
    year = 1983
}

@article{DTLBO,
    author = {Li Jun{-}qing and Pan Quan{-}ke and Mao Kun},
    title = {A discrete teaching-learning-based optimisation algorithm for realistic flowshop rescheduling problems},
    journal = {Engineering Applications of Artificial Inteligence},
    volume = 37,
    number = 25,
    pages = {279--292},
    month = {January},
    year = 2015
}

@article{KBEPS,
    author = {Du-Juan Wang and Feng Lio and Yan-Zhang Wang and Yaochu Jin},
    title = {A knowledge-based evolutionary proactive scheduling approach in the presence of machine breakdown and deterioration effect},
    journal = {Knowledge-Based Systems},
    volume = 90,
    pages = {70--80},
    month = {December},
    year = 2015
}

@article{EDSBCR,
    author = {Alper Hamzadayi and Gokalp Yidiz},
    title = {Event driven strategy based complete rescheduling approaches for dynamic m identical parallel machines scheduling problem with a common server},
    journal = {Computers \& Industrial Engineering},
    volume = 91,
    pages = {66--84},
    month = {January},
    year = 2016
}

@article{MSTAWFB,
    author = {Jialu Liu and Sheng Yang and Aiguo Wu and S. Jack Hu},
    title = {Multi-state throughput analysis of two-stage manufacturing system with parallel unreliable machines and a finite buffer},
    journal = {European Journal of Operational Research},
    volume = 219,
    number = 2,
    pages = {296--304},
    month = {June},
    year = 2012
}

@article{IPMRWJRD,
    author = {Le Liu and Hong Zhou},
    title = {On the identical parallel-machine rescheduling with job rework disruption},
    journal = {Computers \& Industrial Engineering},
    volume = 66,
    pages = {186--198},
    month = {September},
    year = 2013
}

@article{RFJSRMB_ElMekkawy11,
    author = {Nasr Al-Hinai and T.~Y. ElMekkawy},
    title = {Robust and stable flexible job-shop  scheduling with random machine breakdowns using a hybrid genetic algorithm},
    journal = {International Journal of Production Economics},
    volume = 132,
    number = 2,
    pages = {279--291},
    month = {August},
    year = 2011
}

@article{RFJSRMB_Chen,
    author = {Jian Xiong and Li-ning Xing and Ying-wu Chen},
    title = {Robust scheduling for multi-objective flexible job-shop problems with random machine breakdowns},
    journal = {International Journal of Production Economics},
    volume = 141,
    number = 1,
    pages = {112--126},
    month = {January},
    year = 2013
}

@article{Katragjini2013,
    author = {Ketrina Katragjinia and Eva Valladaa and Rubén Ruiza},
    title = {Flow shop rescheduling under different types of disruption},
    journal = {International Journal of Production Research},
    volume = 51,
    number = 3,
    pages = {780--797},
    year = 2013
}

@article{Diamantidis2009,
    author = {A. C. Diamantidis and C. T. Papadopoulos},
    title = {Exact analysis of a two-station one-buffer flow line with parallel unreliable machines},
    journal = {European Journal of Operational Research},
    volume = 197,
    pages = {572--580},
    year = 2009
}

@article{AEHGAFJS_ElMekkawy11,
    author = {Nasr Al-Hinai and T.~Y. ElMekkawy},
    title = {An efficient hybridized genetic algorithm architecture for the flexible job-shop scheduling problem},
    journal = {Flexible Services and Manufacturing Journal},
    volume = 23,
    pages = {64--85},
    year = 2011,
    doi = {doi:10.1007/s10696-010-9067-y}
}

% przykłady testowe ElMekkawy11
@article{Kacem2002a,
    author = {I. Kacem and S. Hammadi and P. Brone},
    title = {Approach by localization and multi-objective evolutionary optimization for flexible job-shop scheduling problems},
    journal = {IEEE Transactions on Systems, Man and Cybernetics},
    volume = 32,
    number = 1,
    pages = {1--13},
    year = 2002
}

@article{Kacem2002b,
    author = {I. Kacem and S. Hammadi and P. Brone},
    title = {Pareto-optimality approach for flexible job-shop scheduling problems: hybridization of evolutionary algorithms and fuzzy logic},
    journal = {Mathematics and Computers in Simulation},
    volume = 60,
    pages = {245--276},
    year = 2002
}

@article{Mesghouni1997,
    author = {K. Mesghouni and S. Hammadi and P. Brone},
    title = {Evolution programs for job-shop scheduling},
    journal = {Proceedings of the IEEE International Conference on Systems, Man, and Cybernetics, Orlando, Florida},
    volume = 1,
    pages = {720--725},
    year = 1997
}

@article{LeeDiCesare1994,
    author = {D. Y. Lee and F. DiCesare},
    title = {Scheduling flexible manufacturing systems using petri nets and heuristic search},
    journal = {IEEE Transactions on Robotics and Automation},
    volume = 10,
    number = 2,
    pages = {123--132},
    year = 1994
}

@article{Brandimarte1993,
    author = {P. Brandimarte},
    title = {Routing and scheduling in a flexible job shop by tabu search},
    journal = {Annals of Operations Research},
    volume = 41,
    pages = {157--183},
    year = 1993
}

@article{Smutnicki96,
    author = {Eugeniusz Nowicki and Czesław Smutnicki},
    title = {A fast Taboo Search Algorithm for the Job Shop Problem},
    journal = {Management Science},
    volume = 42,
    number = 6,
    pages = {797-813},
    year = 1996
}

@article{Grabowski86,
    author = {Józef Grabowski and Eugeniusz Nowicki and Stanisław Zdrzałka},
    title = {A Block Approach for Single Machine Scheduling with Release Dates and Due Dates},
    journal = {European Journal of Operational Research},
    volume = 26,
    pages = {278--285},
    year = 1986
}

@article{Tay2004,
    author = {J C Tay and D Wibowo},
    title = {An effective chromosome representation for evaluating flexible job shop schedules},
    journal = {Genetic and Evolutionary Computation},
    volume = 3103,
    pages = {210--221},
    year = 2004
}

@book{GangOfFour,
   author = {Erich Gamma and Richard Helm and Ralph Johnson and John Vlissides},
	title = {Design Patterns: Elements of Reusable Object-Oriented Software},
	publisher = {Addison-Wesley},
	year = {1994}
}


